% This file was created with JabRef 2.10.
% Encoding: UTF-8


@Unpublished{locatatest,
  Title                    = {Locata: A New Postioning Technology for High Precision Indoor and Outdoor Positioning},
  Author                   = {Joel Barnes and Chris Rizos and Jinling Wang and David Small and Gavin Voigt and Nunzio Gambale}
}

@Article{locatabis,
  Title                    = {High Precision Indoor and Outdoor Positioning using \textit{LocataNet}},
  Author                   = {Joel Barnes and Chris Rizos and Jinling Wang and David Small and Gavin Voigt and Nunzio Gambale},
  Journal                  = {Journal of Global Positioning Systems},
  Year                     = {2003},
  Number                   = {2},
  Pages                    = {73-82},
  Volume                   = {Vol 2}
}

@TechReport{gnssbosser,
  Title                    = {GNSS : Systèmes Globaux de Positionnement par Satellite},
  Author                   = {Pierre Bosser},
  Institution              = {ENSG/IGN},
  Year                     = {2011}
}

@Manual{Bernese,
  Title                    = {Bernese GPS Software Version 5.0},

  Address                  = {Bern, Switzerland},
  Author                   = {Rolf Dach and Urs Hugentobler and Pierre Fridez and Michael Meindl},
  Organization             = {Astronomical Institute, University of Bern},
  Year                     = {2003},

  Pages                    = {612}
}

@Article{smicl,
  Title                    = {Short Multipath Insensitive Code Loop Discriminator},
  Author                   = {Nabil Jardak and Nel Samama},
  Journal                  = {IEEE},
  Year                     = {2010},

  Month                    = {Jan}
}

@TechReport{keepatent,
  Title                    = { US 2009/0002230 A1 : Pseudolite-based precise positioning system with synchronised pseudolites},
  Author                   = {Changdon Kee and Doohee Yun},
  Institution              = {US Patent},
  Year                     = {2009},
  Month                    = {1 Jan},

  Key                      = {US 2009/0002230 A1}
}

@Article{kee,
  Title                    = {Centimeter-accuracy indoor navigation Using GPS-Like Pseudolites},
  Author                   = {Changdon Kee and Doohee Yun and Haejoung Jun and Bradford Parkinson and Sam Pullen and Tom Lagenstein},
  Journal                  = {GPS World},
  Year                     = {2001},

  Month                    = {Nov},

  Key                      = {http://findarticles.com/p/articles/mi_m0BPW/is_11_12/ai_n27572220/pg_2/?tag=content;col1}
}

@Misc{pseudolitephase,
  Title                    = {Indoor Code and Carrier Phase Positioning with Pseudolites and Multiple GPS Repeaters},

  Author                   = {I Petrovski and K Okano and S Kawaguchi and H Torimoto and K Suzuki and M Toda and J Akita}
}

@Book{globalpositioning,
  Title                    = {Global positionning: Technologies and Performance.},
  Author                   = {Nel Samama},
  Publisher                = {John Wiley \& Sons, Inc.},
  Year                     = {2008}
}

@PhdThesis{vervisch,
  Title                    = {Etude de Systèmes de Positionnement en Intérieur 
Utilisant des Mesures de Phase du Code ou de 
Phase de la Porteuse de Signaux de 
Navigation par Satellites},
  Author                   = {Alexandre Vervisch-Picois},
  School                   = {Telecom SudParis},
  Year                     = {2010}
}

@Misc{repeatercurrentstatus,
  Title                    = {GNSS Repeater Based Approach for Indoor Positioning: Current Status},

  Author                   = {Alexandre Vervisch-Picois and Nel Samama and Nabil Jardak and Anca Fluerasu}
}

